@Comment{$ biblatex control file $}
<<<<<<< HEAD
@Comment{$ biblatex version 2.5 $}
=======
@Comment{$ biblatex version 2.8 $}
>>>>>>> 952ef8665e7325e6e609a5ecd72bd96c6ee13a1f
Do not modify this file!

This is an auxiliary file used by the 'biblatex' package.
This file may safely be deleted. It will be recreated as
required.

@Control{biblatex-control,
<<<<<<< HEAD
  options = {2.5:0:1:1:0:0:1:1:0:0:0:0:0:1:3:1:79:+},
=======
  options = {2.8:0:1:1:0:1:1:0:0:0:0:0:3:1:79:+:none},
>>>>>>> 952ef8665e7325e6e609a5ecd72bd96c6ee13a1f
}
